% Encoding: UTF-8

@Article{Stein2015a,
  author  = {J Stein and M Baum and S Holbein and T Cronert and V Hutanu and A C Komarek and M Braden},
  title   = {Control of multiferroic domains by external electric fields in \ce{TbMnO3}},
  journal = {Journal of Physics: Condensed Matter},
  year    = {2015},
  volume  = {27},
  number  = {44},
  pages   = {446001},
  doi     = {10.1088/0953-8984/27/44/446001},
  url     = {http://stacks.iop.org/0953-8984/27/i=44/a=446001},
  file    = {:article/Stein2015a-Control_of_multiferroic_domains_by_external_electric_fields_in_TbMnO3.pdf:PDF},
  groups  = {TbMnO3, printed},
}

@Comment{jabref-meta: keypattern_article:[auth][year];}
@Comment{jabref-meta: keypatterndefault:[auth][year];}

